<?xml version="1.0" encoding="UTF-8"?><collection><record><leader>07732ntm a2200601 a 4500</leader><controlfield tag="001">006803349</controlfield><controlfield tag="003">MiAaHDL</controlfield><controlfield tag="005">20190719000000.0</controlfield><controlfield tag="006">m        d        </controlfield><controlfield tag="007">cr bn ---auaua</controlfield><controlfield tag="008">090527m13uu16uuxx            00| ||ara d</controlfield><datafield tag="035" ind1=" " ind2=" "><subfield code="a">(MiU)006803349</subfield></datafield><datafield tag="035" ind1=" " ind2=" "><subfield code="a">sdr-miu006803349</subfield></datafield><datafield tag="040" ind1=" " ind2=" "><subfield code="a">MiU</subfield><subfield code="c">MiU</subfield><subfield code="e">amremm</subfield></datafield><datafield tag="043" ind1=" " ind2=" "><subfield code="a">n-us-mi</subfield></datafield><datafield tag="100" ind1="1" ind2=" "><subfield code="6">880-01</subfield><subfield code="a">Marghīnānī, ʻAlī ibn Abī Bakr,</subfield><subfield code="d">-1196 or 1197.</subfield></datafield><datafield tag="240" ind1="1" ind2="0"><subfield code="6">880-02</subfield><subfield code="a">Hidāyah.</subfield><subfield code="n">juzʼ 1</subfield></datafield><datafield tag="245" ind1="1" ind2="3"><subfield code="6">880-03</subfield><subfield code="a">[al-Juzʼ al-awwal min Kitāb al-Hidāyah,</subfield><subfield code="f">14th century and 17th century?].</subfield></datafield><datafield tag="246" ind1="3" ind2=" "><subfield code="i">Title from inscription on 'title page' (p.3):</subfield><subfield code="a">هداية شرح البداية</subfield></datafield><datafield tag="246" ind1="3" ind2="8"><subfield code="a">الهداية شرح البداية</subfield></datafield><datafield tag="246" ind1="3" ind2=" "><subfield code="i">Edge title (tail):</subfield><subfield code="a">الجلد الاول من البداية</subfield></datafield><datafield tag="260" ind1=" " ind2=" "><subfield code="c">[13--? and 16--?].</subfield></datafield><datafield tag="300" ind1=" " ind2=" "><subfield code="a">258 leaves :</subfield><subfield code="b">paper ;</subfield><subfield code="c">257 x 180 (185 x 112-120) mm. bound to 270 x 190 mm.</subfield></datafield><datafield tag="500" ind1=" " ind2=" "><subfield code="a">Shelfmark: Ann Arbor, University of Michigan, Special Collections Library, Isl. Ms. 555</subfield></datafield><datafield tag="500" ind1=" " ind2=" "><subfield code="a">Origin: Lacks dated colophon. Codex is comprised of large sections from a ms. dating to possibly the 14th (or even 13th century), supplemented by large sections of replacement leaves the bulk of which perhaps date to the 16th century.</subfield></datafield><datafield tag="500" ind1=" " ind2=" "><subfield code="a">Accompanying materials: a. Inventory cataloguing slip in hand of Winifred Smeaton Thomas -- b. Acquisitions slip from Yahuda.</subfield></datafield><datafield tag="500" ind1=" " ind2=" "><subfield code="a">Former shelfmark: From interior of upper cover and spine label "IL 404" (likely supplied by Yahuda, see acquisitions slip).</subfield></datafield><datafield tag="500" ind1=" " ind2=" "><subfield code="a">Binding: Pasteboards covered in black cloth with black leather over spine (quarter binding) ; Western-style binding ; pastedowns and flyleaves in untinted wove paper ; spine gold-tooled with title and fillets flanking raised bands ; resewn and fairly tightly bound such that sewing is difficult to examine ; in good condition with minor abrasion, etc.</subfield></datafield><datafield tag="500" ind1=" " ind2=" "><subfield code="a">Support: Original, older manuscript on non-European laid paper with 6-7 laid lines per cm. (vertical, curved) and chain lines only faintly visible (as well as rib shadows) but possibly grouped with 9-10 mm. between chains, quite thick, soft and floccular ; opening replacement on non-European laid paper of perhaps two other distinct types, one with 8 laid lines per cm. (curved and sagging, horizontal) and no obvious chain lines, and another which may have grouped chain lines (see pp.17-18) ; the remaining replacement sections are on European laid paper of several types, including type with 10 laid lines per cm. (horizontal), 33-35 mm. between chain lines (vertical) and watermarks cross above triple mount in circle (see, p.22, etc., 85 cm. tall, compare Heawood 889) and bull's head with eyes, ears and snake on cross above (see p.24, 44, etc.), as well as "PA" or "BA" countermark (see p.180) ; another type with wheeled cart or "char à deux roues" watermark (see p.202, for design compare Briquet, "Papiers et filigranes des archives de Gênes 1154 à 1700," no.72) and at close type with cross above orb and three hats watermarks (for design compare Heawood 2593) ; staining and tide-lines.</subfield></datafield><datafield tag="500" ind1=" " ind2=" "><subfield code="a">Decoration: Section headings, keywords, and abbreviation symbols rubricated ; basmalah and ḥamdalah at opening in purple ink ; overlining in red.</subfield></datafield><datafield tag="500" ind1=" " ind2=" "><subfield code="a">Script: Naskh and nastaʻlīq (talik) ; at least three hands in both black and brown inks ; opening replacement section in a fine naskh, compact 'Syrian' or Egyptian hand in a thin line, serifless, with curivlinear descenders and pointing in distinct dots ; main replacements first seen at p.21 in a compact nastaʻlīq (talik) in a medium line, serifless, with mainly curvilinear descenders, mainly closed counters, pointing in strokes rather than distinct dots, point of final nūn typically assimilated with bowl, tilt to the right, etc. ; other hands in naskh and nastaʻlīq (talik) make up the remaining replacement sections and are similar, but more compact ; main hand of older sections (in brown ink) first seen at p.27, a large naskh, 'Syrian' or Egyptian hand, serifless with mainly curvilinear descenders, pointing in distinct dots, shaqq of kāf usually left off (and supplied later in black ink), final hāʼ often assimilated with preceding dāl or rāʼ, partially vocalized.</subfield></datafield><datafield tag="500" ind1=" " ind2=" "><subfield code="a">Layout: Written in mainly in 21 lines per page (some sections in 29 lines) ; frame-ruled (impression of ruling board evident in some sections).</subfield></datafield><datafield tag="500" ind1=" " ind2=" "><subfield code="a">Collation: Rough assemblage of made quires (additions supplementing what lacked in the older, original manuscript) with sewing nearly impossible to examine ; only a few gatherings of original, older manuscript are intact and these appear to be quinions ; final leaves left blank ; occasional catchwords ; traces of quire numbering in older sections (see p.219) ; foliation in black ink, Hindu-Arabic numerals, at least two different schemes with one following numerals on upper corner of the verso of the leaf, the other of the recto ; pagination in pencil, Western numerals, supplied during digitization (includes flyleaves and skips two pages between pp.453 and 454).</subfield></datafield><datafield tag="500" ind1=" " ind2=" "><subfield code="a">Explicit: "ولان الحاجة تشتمل الغني والفقير الشرب والنزول والغني لا يحتاج الى صرف هذه الغلة لغناه والله اعلم بالصواب واليه المرجع والمآب"</subfield></datafield><datafield tag="500" ind1=" " ind2=" "><subfield code="a">Incipit: "الحمد لله الذي اعلى معالم العلم واعلامه واظهر شعائر الشرع واحكامه ... وقد جرى على الوعد في مبدأ بداية المبتدي ان اشرحها بتوفيق الله شرحا ارسمه بكفاية المنتهى فشرعت فيه والوعد يسوغ بعض المساغ وحين اكاد اتكئ عنه اتكاء الفراغ تبينت فيه نبذا من الاطناب وخشيت ان يهجر لاجله الكتاب فصرفت العنان والعناية الى شرح اخر موسوم بالهداية ..."</subfield></datafield><datafield tag="500" ind1=" " ind2=" "><subfield code="a">Title supplied by cataloguer from opening matter on p.4.</subfield></datafield><datafield tag="500" ind1=" " ind2=" "><subfield code="a">Ms. composite codex.</subfield></datafield><datafield tag="510" ind1="4" ind2=" "><subfield code="a">Briquet, C. "Papiers et filigranes des archives de Gênes 1154 à 1700," Briquet’s Opuscula, ed. E.J. Labarre. Hilversum, 1955: 172-220,</subfield><subfield code="c">p.192</subfield></datafield><datafield tag="510" ind1="4" ind2=" "><subfield code="a">Ḥājjī Khalīfah. Kashf al-ẓunūn,</subfield><subfield code="c">vi, 479</subfield></datafield><datafield tag="510" ind1="4" ind2=" "><subfield code="a">Brockelmann, C. GAL,</subfield><subfield code="c">I 376</subfield></datafield><datafield tag="520" ind1="8" ind2=" "><subfield code="a">Composite copy of the first part (from Kitāb al-Ṭahārah to Kitāb al-Waqf) of al-Marghīnānī’s celebrated commentary on his Bidāyat al-mubtadiʼ, a treatise on Ḥanafī law. Codex is comprised of large sections from an older manuscript supplemented with later replacements. Contents listing on 'title page' (p.3).</subfield></datafield><datafield tag="538" ind1=" " ind2=" "><subfield code="a">Mode of access: Internet.</subfield></datafield><datafield tag="541" ind1=" " ind2=" "><subfield code="a">Acquired in 1926 from the bookseller Isaac Benjamin S.E. Yahuda via purchase transacted on his behalf by his younger brother, the famous Orientalist and manuscript collector Abraham Shalom Yahuda (1877-1951).</subfield></datafield><datafield tag="546" ind1=" " ind2=" "><subfield code="a">Arabic.</subfield></datafield><datafield tag="561" ind1=" " ind2=" "><subfield code="a">Occasional marginal corrections, glosses and notabilia (side-heads) ; collation marks ("بلغ").</subfield></datafield><datafield tag="600" ind1="1" ind2="0"><subfield code="a">Marghīnānī, ʻAlī ibn Abī Bakr,</subfield><subfield code="d">d. 1196 or 7.</subfield><subfield code="t">Bidāyat al-mubtadiʼ.</subfield></datafield><datafield tag="650" ind1=" " ind2="0"><subfield code="a">Manuscripts, Arabic</subfield><subfield code="z">Michigan</subfield><subfield code="z">Ann Arbor.</subfield></datafield><datafield tag="650" ind1=" " ind2="0"><subfield code="a">Hanafites</subfield><subfield code="v">Early works to 1800.</subfield></datafield><datafield tag="650" ind1=" " ind2="0"><subfield code="a">Islamic law</subfield><subfield code="v">Early works to 1800.</subfield></datafield><datafield tag="773" ind1="0" ind2=" "><subfield code="a">Yahuda Collection.</subfield></datafield><datafield tag="880" ind1="1" ind2="2"><subfield code="6">245-03/</subfield><subfield code="a">[الجزء الاول من كتاب الهداية ,</subfield><subfield code="f">القرن 14م؟].</subfield></datafield><datafield tag="880" ind1="1" ind2="0"><subfield code="6">240-02/</subfield><subfield code="a">.هداية</subfield><subfield code="n">جزء 1</subfield></datafield><datafield tag="880" ind1="1" ind2=" "><subfield code="6">100-01/</subfield><subfield code="a">مرغيناني، علي بن ابي بكر.</subfield></datafield><datafield tag="CID" ind1=" " ind2=" "><subfield code="a">006803349</subfield></datafield><datafield tag="DAT" ind1="0" ind2=" "><subfield code="a">20190719102636.0</subfield><subfield code="b">20190719000000.0</subfield></datafield><datafield tag="DAT" ind1="1" ind2=" "><subfield code="a">20190719090653.0</subfield><subfield code="b">2019-07-19T16:11:41Z</subfield></datafield><datafield tag="DAT" ind1="2" ind2=" "><subfield code="a">2015-10-02T18:00:03Z</subfield></datafield><datafield tag="CAT" ind1=" " ind2=" "><subfield code="a">SDR-MIU</subfield><subfield code="d">EX LIBRIS - ALEPH</subfield><subfield code="l">prepare.pl-004-008</subfield></datafield><datafield tag="FMT" ind1=" " ind2=" "><subfield code="a">BK</subfield></datafield><datafield tag="HOL" ind1=" " ind2=" "><subfield code="0">sdr-miu006803349</subfield><subfield code="a">MiU</subfield><subfield code="b">SDR</subfield><subfield code="c">MIU</subfield><subfield code="p">mdp.39015079126499</subfield><subfield code="s">MIU</subfield><subfield code="1">006803349</subfield></datafield><datafield tag="974" ind1=" " ind2=" "><subfield code="b">MIU</subfield><subfield code="c">MIU</subfield><subfield code="d">20190719</subfield><subfield code="s">lit-dlps-dc</subfield><subfield code="u">mdp.39015079126499</subfield><subfield code="y">1699</subfield><subfield code="r">pd</subfield><subfield code="q">bib</subfield><subfield code="t">non-US bib date2, date type m &lt; 1896</subfield></datafield></record></collection>